<collection xmlns="http://www.loc.gov/MARC21/slim">
<record>
  <leader>01618nam0a2200277 i 450 </leader>
  <controlfield tag="001">IT\ICCU\CNCE\061542</controlfield>
  <controlfield tag="005">20130319000000.0</controlfield>
  <datafield tag="012" ind1=" " ind2=" ">
    <subfield code="a">lona o:a: loia ieia (C) 1509 (Q)</subfield>
    <subfield code="2">fei</subfield>
  </datafield>
  <datafield tag="100" ind1=" " ind2=" ">
    <subfield code="a">20050930f1509        0itac0103    ba</subfield>
  </datafield>
  <datafield tag="101" ind1=" " ind2=" ">
    <subfield code="a">ITD</subfield>
  </datafield>
  <datafield tag="102" ind1=" " ind2=" ">
    <subfield code="a">IT</subfield>
  </datafield>
  <datafield tag="200" ind1="1" ind2=" ">
    <subfield code="a">Questa xe vna exortatone \!! la qual fa miser san marco ala so cara fia Veniexia mostrandoge cho molte raxone come che le zonto lora \!! el ponto che la sua gran superbia sideba humiliare</subfield>
  </datafield>
  <datafield tag="210" ind1=" " ind2=" ">
    <subfield code="d">\non prima del 1509!</subfield>
  </datafield>
  <datafield tag="215" ind1=" " ind2=" ">
    <subfield code="a">\4! c.</subfield>
    <subfield code="c">ill.</subfield>
    <subfield code="d">4ʻ</subfield>
  </datafield>
  <datafield tag="300" ind1=" " ind2=" ">
    <subfield code="a">Stampata a Ferrara da Lorenzo de Rossi; per il tipografo cfr.: G. Petrella, Fra testo e immagine. Edizioni popolari del Rinascimento in una miscellanea ottocentesca, p. 35. - La data si ricava dall&apos;avvenimento storico narrato nel testo</subfield>
  </datafield>
  <datafield tag="10" ind1="I" ind2="T">
    <subfield code="I">CCU\CNCE\068694</subfield>
    <subfield code="1">2001 </subfield>
    <subfield code="a">℗Vna ℗exortatione la qual fa miser san marco ala so cara fia Veniexia mostrandoge cho molte raxone come che le zonto lora [sic] el ponto che la sua gran superbia sideba humiliare</subfield>
  </datafield>
  <datafield tag="517" ind1="1" ind2=" ">
    <subfield code="3">IT\ICCU\CNCE\073348</subfield>
    <subfield code="a">Exortatione la qual fa miser san marco</subfield>
  </datafield>
  <datafield tag="620" ind1=" " ind2=" ">
    <subfield code="a">IT</subfield>
    <subfield code="d">Ferrara</subfield>
  </datafield>
  <datafield tag="712" ind1="0" ind2="0">
    <subfield code="a">Rossi, Lorenzo</subfield>
    <subfield code="3">IT\ICCU\CNCT\000957</subfield>
    <subfield code="4">650</subfield>
  </datafield>
  <datafield tag="791" ind1="0" ind2="0">
    <subfield code="a">Valentia, Laurentius de</subfield>
    <subfield code="3">IT\ICCU\CNCT\002571</subfield>
    <subfield code="z">Rossi, Lorenzo</subfield>
  </datafield>
  <datafield tag="791" ind1="0" ind2="0">
    <subfield code="a">Rubeis, Laurentius de</subfield>
    <subfield code="3">IT\ICCU\CNCT\002572</subfield>
    <subfield code="z">Rossi, Lorenzo</subfield>
  </datafield>
  <datafield tag="791" ind1="0" ind2="0">
    <subfield code="a">Russi, Lorenzo</subfield>
    <subfield code="3">IT\ICCU\CNCT\002573</subfield>
    <subfield code="z">Rossi, Lorenzo</subfield>
  </datafield>
  <datafield tag="791" ind1="0" ind2="0">
    <subfield code="a">Rubei, Laurentio de</subfield>
    <subfield code="3">IT\ICCU\CNCT\005406</subfield>
    <subfield code="z">Rossi, Lorenzo</subfield>
  </datafield>
  <datafield tag="801" ind1=" " ind2="3">
    <subfield code="a">IT</subfield>
    <subfield code="b">ICCU</subfield>
    <subfield code="c">20201115</subfield>
  </datafield>
  <datafield tag="899" ind1=" " ind2=" ">
    <subfield code="a">Archivio storico civico e Biblioteca Trivulziana. Milano</subfield>
    <subfield code="1">MI0327</subfield>
    <subfield code="2">LO1 13</subfield>
  </datafield>
  <datafield tag="899" ind1=" " ind2=" ">
    <subfield code="a">Biblioteca comunale. Trento</subfield>
    <subfield code="1">TN0121</subfield>
    <subfield code="2">ZTN 01</subfield>
  </datafield>
</record>
</collection>
